@inbook{photodiodes,
 author={Albert H. Titus, Maurice C-K. Cheung, Vamsy P. Chodavarapu},
 chapter={CMOS Photodetectors},
 year={2011},
 title={Photodiodes- World Activities in 2011},
 publisher={IntechOpen},
 doi={10.5772/1002}
}

@article{environmental,
 title={The environmental impacts of electronics. Going beyond the walls of semiconductor fabs},
 author={Plepys, A.},
 journal={IEEE International Symposium on Electronics and the Environment},
 volume={},
 number={},
 pages={159--165},
 year={},
 publisher={},
 url={https://ieeexplore.ieee.org/document/1299707/}
}

@article{ieee7001,
  author={},
  journal={IEEE P7001/D2, June 2021}, 
  title={IEEE Draft Standard for Transparency of Autonomous Systems}, 
  year={2021},
  volume={},
  number={},
  pages={1-73},
  doi={}
}
